@misc{githubGitHubIanchu0317TP1astronomiacuadrantes,
	author = {},
	title = {{G}it{H}ub - ianchu0317/{T}{P}1-astronomia-cuadrantes: {T}rabajo {P}ráctico 1 de {A}stronomía --- github.com},
	howpublished = {\url{https://github.com/ianchu0317/TP1-astronomia-cuadrantes/}},
	year = {},
	note = {[Accessed 12-06-2024]},
}

@misc{buenosairesPlanetarioGalileo,
	author = {},
	title = {{P}lanetario {G}alileo {G}alilei --- planetario.buenosaires.gob.ar},
	howpublished = {\url{https://planetario.buenosaires.gob.ar/constelacion-del-mes}},
	year = {},
	note = {[Accessed 12-06-2024]},
}

@misc{geodatosCoordenadasGeogrxE1ficas,
	author = {},
	title = {{C}oordenadas geogr\&#x{E}1;ficas de {B}uenos {A}ires, {A}rgentina --- geodatos.net},
	howpublished = {\url{https://www.geodatos.net/coordenadas/argentina/buenos-aires}},
	year = {},
	note = {[Accessed 12-06-2024]},
}